<?xml version="1.0" encoding="UTF-8"?><record xmlns="http://www.loc.gov/MARC21/slim" xmlns:cinclude="http://apache.org/cocoon/include/1.0" xmlns:zs="http://www.loc.gov/zing/srw/">
  <leader>00677cz  a2200157n  4500</leader>
  <controlfield tag="001">n 2006094408</controlfield>
  <controlfield tag="003">DLC</controlfield>
  <controlfield tag="005">20061214164100.0</controlfield>
  <controlfield tag="008">061213n| acannaabn          |a ana      </controlfield>
  <datafield tag="010" ind1=" " ind2=" ">
    <subfield code="a">n 2006094408</subfield>
  </datafield>
  <datafield tag="040" ind1=" " ind2=" ">
    <subfield code="a">DLC</subfield>
    <subfield code="b">eng</subfield>
    <subfield code="c">DLC</subfield>
  </datafield>
  <datafield tag="110" ind1="1" ind2=" ">
    <subfield code="a">United States.</subfield>
    <subfield code="b">Army.</subfield>
    <subfield code="b">Pennsylvania Infantry Regiment, 110th (1861-1865)</subfield>
  </datafield>
  <datafield tag="410" ind1="2" ind2=" ">
    <subfield code="a">Pennsylvania Infantry, 110th Regiment (1861-1865)</subfield>
  </datafield>
  <datafield tag="410" ind1="2" ind2=" ">
    <subfield code="a">Pennsylvania Volunteer Infantry, 110th Regiment (1861-1865)</subfield>
  </datafield>
  <datafield tag="670" ind1=" " ind2=" ">
    <subfield code="a">Hileman, Bob. The Crowther letters, c2004:</subfield>
    <subfield code="b">p. 79 (110th Pennsylvania Volunteers)</subfield>
  </datafield>
  <datafield tag="670" ind1=" " ind2=" ">
    <subfield code="a">The Union Army, 1908:</subfield>
    <subfield code="b">under Pennsylvania Regiments (110th Infantry; mustered in Aug. 19, 1861; mustered out June 28, 1865)</subfield>
  </datafield>
</record>